<?xml version="1.0" encoding="UTF-8"?><record xmlns="http://www.loc.gov/MARC21/slim" xmlns:cinclude="http://apache.org/cocoon/include/1.0" xmlns:zs="http://www.loc.gov/zing/srw/">
  <leader>00562cz  a2200157n  4500</leader>
  <controlfield tag="001">nr2002012361</controlfield>
  <controlfield tag="003">DLC</controlfield>
  <controlfield tag="005">20020521033235.0</controlfield>
  <controlfield tag="008">020329n| acannaabn          |a aaa     c</controlfield>
  <datafield tag="010" ind1=" " ind2=" ">
    <subfield code="a">nr2002012361</subfield>
  </datafield>
  <datafield tag="040" ind1=" " ind2=" ">
    <subfield code="a">CSt</subfield>
    <subfield code="b">eng</subfield>
    <subfield code="c">CSt</subfield>
    <subfield code="d">CtY</subfield>
  </datafield>
  <datafield tag="053" ind1=" " ind2="0">
    <subfield code="a">PG3482.5.L314</subfield>
  </datafield>
  <datafield tag="100" ind1="1" ind2=" ">
    <subfield code="a">Kalachëv, Aleksandr</subfield>
  </datafield>
  <datafield tag="400" ind1="1" ind2=" ">
    <subfield code="a">Kalachëv, A. A.</subfield>
    <subfield code="q">(Aleksandr Afanasʹevich)</subfield>
  </datafield>
  <datafield tag="400" ind1="1" ind2=" ">
    <subfield code="a">Kalachëv, Aleksandr Afanasʹevich</subfield>
  </datafield>
  <datafield tag="670" ind1=" " ind2=" ">
    <subfield code="a">Poruchik gvardii Ivan Vershinin, 2001:</subfield>
    <subfield code="b">t.p. (Aleksandr Kalachëv) t.p. verso, etc. (Kalachëv A.A., A. Kalachev, Aleksandr Afanasʹevich Kalachëv)</subfield>
  </datafield>
</record>